Account Number               :	_00000040487993696
Description                  :	null
Name                         :	YANTRA INDIA LIMITED                                        
Currency                     :	null
Corporate Address            :	ORDINANCE FACTORY AMBAJHARI NAGPUR
                              	NAGPUR
                              	NAGPUR
                              	Maharashtra-440021
Branch                       :	ICHAPORE(01797)
Rate of Interest (% p.a.)    :	0.0% 
IFS Code                     :	SBIN0001797
Book Balance                 :	27044896.36
Available Balance            :	26257966.36
Hold Value                   :	786930.00
Uncleared Amount             :	0.00
Drawing Power                :	0.00
Limit Sanctioned             :	0.00
Balance on 31 Mar 2023        :	4,26,20,926.36
Start Date                   :	31 Mar 2023
End Date                     :	31 Mar 2023
Txn Date	Value Date	Description	Ref No./Cheque No.	Branch Code	        Debit	Credit	Balance	
31/03/2023	31/03/2023	CHEQUE DEPOSIT- TRF--460399	TRANSFER TO 11278710321                           G M-M & S FY ICHAPORE / 460399	29	 	15781.00	42636707.36
31/03/2023	31/03/2023	   TO TRANSFER-INB NEFT UTR NO: SBIN323090570559--	NEFT INB: AOIL237726                              TRANSFER TO 4899157044304 / 	99922	1076.00	 	42635631.36
31/03/2023	31/03/2023	   TO TRANSFER-INB NEFT UTR NO: SBIN323090570584--	NEFT INB: AOIL237730                              TRANSFER TO 4899157044304 / 	99922	13600.00	 	42622031.36
31/03/2023	31/03/2023	   TO TRANSFER-CMP YANTRA INDIA LIMITED--	CMP00000000627757100AOIL237718               TRANSFER TO 40385450792                           YANTRA INDIA LIMITED / 	99922	18489265.00	 	24132766.36
31/03/2023	31/03/2023	   TO TRANSFER-CMP YANTRA INDIA LIMITED--	CMP00000000627756853AOIL237750               TRANSFER TO 31869776155                           Mr. RUPAM  SADHUKHAN / 	99922	2350.00	 	24130416.36
31/03/2023	31/03/2023	   TO TRANSFER-CMP YANTRA INDIA LIMITED--	CMP00000000627756863AOIL237739               TRANSFER TO 31540104505                           Mr. KUNDAN  SINGH / 	99922	868.00	 	24129548.36
31/03/2023	31/03/2023	   TO TRANSFER-CMP YANTRA INDIA LIMITED--	CMP00000000627756865AOIL237741               TRANSFER TO 34504976034                           Mr. MILAN  MANDAL / 	99922	10150.00	 	24119398.36
31/03/2023	31/03/2023	   TO TRANSFER-CMP YANTRA INDIA LIMITED--	CMP00000000627756866AOIL237742               TRANSFER TO 31169265591                           Mr. Sankar Kumar Monda / 	99922	16050.00	 	24103348.36
31/03/2023	31/03/2023	   TO TRANSFER-CMP YANTRA INDIA LIMITED--	CMP00000000627756868AOIL237743               TRANSFER TO 11223430439                           Mr. GAUR KISHOR  SHARM / 	99922	18050.00	 	24085298.36
31/03/2023	31/03/2023	   TO TRANSFER-CMP YANTRA INDIA LIMITED--	CMP00000000627756852AOIL237749               TRANSFER TO 30839345621                           Mr. DEBRAJ  BOSE / 	99922	6012.00	 	24079286.36
31/03/2023	31/03/2023	   TO TRANSFER-CMP YANTRA INDIA LIMITED--	CMP00000000627756864AOIL237740               TRANSFER TO 11223558165                           Mr. BISWAJIT  RANA  KY / 	99922	17300.00	 	24061986.36
31/03/2023	31/03/2023	   TO TRANSFER-CMP YANTRA INDIA LIMITED--	CMP00000000627756869AOIL237744               TRANSFER TO 11223609122                           Mr. BODHISATWA  PAUL / 	99922	18050.00	 	24043936.36
31/03/2023	31/03/2023	   TO TRANSFER-CMP YANTRA INDIA LIMITED--	CMP00000000627756854AOIL237734               TRANSFER TO 20081478289                           Mr. ASHIM  ROY / 	99922	23553.00	 	24020383.36
31/03/2023	31/03/2023	   TO TRANSFER-CMP YANTRA INDIA LIMITED--	CMP00000000627756857AOIL237736               TRANSFER TO 11223434321                           Mr. DWARIKA NATH  PANI / 	99922	17458.00	 	24002925.36
31/03/2023	31/03/2023	   TO TRANSFER-CMP YANTRA INDIA LIMITED--	CMP00000000627756860AOIL237738               TRANSFER TO 37462025969                           Mr. AMIYA KUMAR HAZRA / 	99922	7887.00	 	23995038.36
31/03/2023	31/03/2023	   TO TRANSFER-CMP YANTRA INDIA LIMITED--	CMP00000000627756875AOIL237746               TRANSFER TO 33002073063                           Mr. RAJESH  KUMAR / 	99922	20000.00	 	23975038.36
31/03/2023	31/03/2023	   TO TRANSFER-CMP YANTRA INDIA LIMITED--	CMP00000000627756851AOIL237748               TRANSFER TO 31820076329                           Mr. BISWAJIT  SAHA / 	99922	3902.00	 	23971136.36
31/03/2023	31/03/2023	   TO TRANSFER-INB NEFT UTR NO: SBIN323090581755--	NEFT INB: AOIL237732                              TRANSFER TO 4899157044304 / 	99922	5700.00	 	23965436.36
31/03/2023	31/03/2023	   TO TRANSFER-INB NEFT UTR NO: SBIN323090581771--	NEFT INB: AOIL237733                              TRANSFER TO 4899157044304 / 	99922	9150.00	 	23956286.36
31/03/2023	31/03/2023	   TO TRANSFER-CMP YANTRA INDIA LIMITED--	CMP00000000627756855AOIL237735               TRANSFER TO 11223595050                           Mr. ARUN  NASKAR / 	99922	13713.00	 	23942573.36
31/03/2023	31/03/2023	   TO TRANSFER-CMP YANTRA INDIA LIMITED--	CMP00000000627756874AOIL237745               TRANSFER TO 30343013563                           Mr. BIKASH KUMAR CHAUH / 	99922	9150.00	 	23933423.36
31/03/2023	31/03/2023	   TO TRANSFER-CMP YANTRA INDIA LIMITED--	CMP00000000627756859AOIL237737               TRANSFER TO 32387399618                           Mr. AJAY  KUMAR / 	99922	1873.00	 	23931550.36
31/03/2023	31/03/2023	   TO TRANSFER-CMP YANTRA INDIA LIMITED--	CMP00000000627756876AOIL237747               TRANSFER TO 37462025969                           Mr. AMIYA KUMAR HAZRA / 	99922	33400.00	 	23898150.36
31/03/2023	31/03/2023	CHEQUE DEPOSIT---997682	TRANSFER TO 11223335079                           C O D S CO OP D M&S FA / 997682	1797	 	72159.00	23970309.36
31/03/2023	31/03/2023	   TO TRANSFER-INB NEFT UTR NO: SBIN423090122187--	NEFT INB: AOIL237731                              TRANSFER TO 4899157044304 / 	99922	8700.00	 	23961609.36
31/03/2023	31/03/2023	   TO TRANSFER-CMP YANTRA INDIA LIMITED--	CMP00000000628564624AOIL588160               TRANSFER TO 40385450792                           YANTRA INDIA LIMITED / 	99922	15781.00	 	23945828.36
31/03/2023	31/03/2023	   TO TRANSFER-CMP YANTRA INDIA LIMITED--	CMP00000000628565483AOIL590033               TRANSFER TO 40451485006                           PAUL ENTERPISE / 	99922	5285.00	 	23940543.36
31/03/2023	31/03/2023	   TO TRANSFER-CMP YANTRA INDIA LIMITED--	CMP00000000628566016AOIL589861               TRANSFER TO 35840911723                           INVESTMENT INTERMEDIAR / 	99922	8400.00	 	23932143.36
31/03/2023	31/03/2023	   TO TRANSFER-CMP YANTRA INDIA LIMITED--	CMP00000000628565376AOIL590029               TRANSFER TO 34956512771                           SHIVAM ENTERPRISE / 	99922	17325.00	 	23914818.36
31/03/2023	31/03/2023	   TO TRANSFER-CMP YANTRA INDIA LIMITED--	CMP00000000628565377AOIL590030               TRANSFER TO 11223611824                           Mr. TAPAS  DUTTA / 	99922	4500.00	 	23910318.36
31/03/2023	31/03/2023	   TO TRANSFER-CMP YANTRA INDIA LIMITED--	CMP00000000628565378AOIL590031               TRANSFER TO 11223611824                           Mr. TAPAS  DUTTA / 	99922	8206.00	 	23902112.36
31/03/2023	31/03/2023	   TO TRANSFER-CMP YANTRA INDIA LIMITED--	CMP00000000628565379AOIL590032               TRANSFER TO 36893226082                           SHARMA ENTERPRISE / 	99922	23382.00	 	23878730.36
31/03/2023	31/03/2023	   TO TRANSFER-CMP YANTRA INDIA LIMITED--	CMP00000000628565484AOIL590034               TRANSFER TO 40451485006                           PAUL ENTERPISE / 	99922	4500.00	 	23874230.36
31/03/2023	31/03/2023	   TO TRANSFER-CMP YANTRA INDIA LIMITED--	CMP00000000628565485AOIL590035               TRANSFER TO 34956512771                           SHIVAM ENTERPRISE / 	99922	59256.00	 	23814974.36
31/03/2023	31/03/2023	   TO TRANSFER-CMP YANTRA INDIA LIMITED--	CMP00000000628565486AOIL590036               TRANSFER TO 31820076329                           Mr. BISWAJIT  SAHA / 	99922	800.00	 	23814174.36
31/03/2023	31/03/2023	   TO TRANSFER-CMP YANTRA INDIA LIMITED--	CMP00000000628565488AOIL590037               TRANSFER TO 33465638790                           Mr. JAYANTA KUMAR  DEY / 	99922	500.00	 	23813674.36
31/03/2023	31/03/2023	   TO TRANSFER-CMP YANTRA INDIA LIMITED--	CMP00000000628565492AOIL590039               TRANSFER TO 38878945078                           INFINIDEA TECHNOLOGIES / 	99922	169500.00	 	23644174.36
31/03/2023	31/03/2023	   TO TRANSFER-CMP YANTRA INDIA LIMITED--	CMP00000000628564900AOIL589728               TRANSFER TO 11089940166                           Mr. NILANJAN  DAS / 	99922	25392.00	 	23618782.36
31/03/2023	31/03/2023	   TO TRANSFER-CMP YANTRA INDIA LIMITED--	CMP00000000628564904AOIL589729               TRANSFER TO 20162559179                           Mr. KOUSHIK  GHOSH / 	99922	12098.00	 	23606684.36
31/03/2023	31/03/2023	   TO TRANSFER-CMP YANTRA INDIA LIMITED--	CMP00000000628564905AOIL589730               TRANSFER TO 30698717372                           Mr. SUBRATA  HALDER / 	99922	16790.00	 	23589894.36
31/03/2023	31/03/2023	   TO TRANSFER-CMP YANTRA INDIA LIMITED--	CMP00000000628565494AOIL589859               TRANSFER TO 35840911723                           INVESTMENT INTERMEDIAR / 	99922	20981.00	 	23568913.36
31/03/2023	31/03/2023	   TO TRANSFER-CMP YANTRA INDIA LIMITED--	CMP00000000628564636AOIL589726               TRANSFER TO 30458070177                           Mr. BHOLA  RAJAK / 	99922	20056.00	 	23548857.36
31/03/2023	31/03/2023	   TO TRANSFER-CMP YANTRA INDIA LIMITED--	CMP00000000628564638AOIL589727               TRANSFER TO 10156731619                           Mr. RAMESH PRASAD HELA / 	99922	20010.00	 	23528847.36
31/03/2023	31/03/2023	   TO TRANSFER-CMP YANTRA INDIA LIMITED--	CMP00000000628565371AOIL590028               TRANSFER TO 38417655502                           L K TRADERS / 	99922	188207.00	 	23340640.36
31/03/2023	31/03/2023	   TO TRANSFER-CMP YANTRA INDIA LIMITED--	CMP00000000628565489AOIL590038               TRANSFER TO 11223397489                           Mr. RAJESH  BANSFORE / 	99922	1000.00	 	23339640.36
31/03/2023	31/03/2023	   TO TRANSFER-INB NEFT UTR NO: SBIN523090089897--	NEFT INB: AOIL590014                              TRANSFER TO 4899157044304 / 	99922	255277.00	 	23084363.36
31/03/2023	31/03/2023	   TO TRANSFER-INB NEFT UTR NO: SBIN523090091401--	NEFT INB: AOIL590018                              TRANSFER TO 4899157044304 / 	99922	4704.00	 	23079659.36
31/03/2023	31/03/2023	   TO TRANSFER-INB NEFT UTR NO: SBIN523090092040--	NEFT INB: AOIL590021                              TRANSFER TO 4899157044304 / 	99922	27730.00	 	23051929.36
31/03/2023	31/03/2023	   TO TRANSFER-INB NEFT UTR NO: SBIN523090091621--	NEFT INB: AOIL590024                              TRANSFER TO 4899157044304 / 	99922	34800.00	 	23017129.36
31/03/2023	31/03/2023	   TO TRANSFER-INB NEFT UTR NO: SBIN523090091674--	NEFT INB: AOIL590027                              TRANSFER TO 4899157044304 / 	99922	210237.00	 	22806892.36
31/03/2023	31/03/2023	   TO TRANSFER-INB NEFT UTR NO: SBIN523090092685--	NEFT INB: AOIL589721                              TRANSFER TO 4899157044304 / 	99922	26174.00	 	22780718.36
31/03/2023	31/03/2023	   TO TRANSFER-INB NEFT UTR NO: SBIN523090092689--	NEFT INB: AOIL589722                              TRANSFER TO 4899157044304 / 	99922	25392.00	 	22755326.36
31/03/2023	31/03/2023	   TO TRANSFER-INB NEFT UTR NO: SBIN523090092699--	NEFT INB: AOIL589724                              TRANSFER TO 4899157044304 / 	99922	25392.00	 	22729934.36
31/03/2023	31/03/2023	   TO TRANSFER-CMP YANTRA INDIA LIMITED--	CMP00000000628565495AOIL589858               TRANSFER TO 35840912386                           INVESTMENT INTERMEDIAR / 	99922	28000.00	 	22701934.36
31/03/2023	31/03/2023	   TO TRANSFER-CMP YANTRA INDIA LIMITED--	CMP00000000628566017AOIL589860               TRANSFER TO 35840912386                           INVESTMENT INTERMEDIAR / 	99922	11200.00	 	22690734.36
31/03/2023	31/03/2023	   TO TRANSFER-INB NEFT UTR NO: SBIN523090111324--	NEFT INB: AOIL590510                              TRANSFER TO 4899157044304 / 	99922	49500.00	 	22641234.36
31/03/2023	31/03/2023	   BY TRANSFER-CMP ORDNANCE FACTORY--	CMP00000000628411568          AOIL52638200004TRANSFER FROM 35840911723                         INVESTMENT INTERMEDIAR / 	99922	 	651239.00	23292473.36
31/03/2023	31/03/2023	   BY TRANSFER-CMP ORDNANCE FACTORY--	CMP00000000628411568          AOIL52638200005TRANSFER FROM 35840911723                         INVESTMENT INTERMEDIAR / 	99922	 	5222.00	23297695.36
31/03/2023	31/03/2023	   BY TRANSFER-CMP ORDNANCE FACTORY--	CMP00000000628411568          AOIL52638200010TRANSFER FROM 35840911723                         INVESTMENT INTERMEDIAR / 	99922	 	1157043.00	24454738.36
31/03/2023	31/03/2023	   BY TRANSFER-CMP ORDNANCE FACTORY--	CMP00000000628411568          AOIL52638200009TRANSFER FROM 35840911723                         INVESTMENT INTERMEDIAR / 	99922	 	1051858.00	25506596.36
31/03/2023	31/03/2023	   BY TRANSFER-CMP ORDNANCE FACTORY--	CMP00000000628411568          AOIL52638200001TRANSFER FROM 35840911723                         INVESTMENT INTERMEDIAR / 	99922	 	638214.00	26144810.36
31/03/2023	31/03/2023	   BY TRANSFER-CMP ORDNANCE FACTORY--	CMP00000000628411568          AOIL52638200002TRANSFER FROM 35840911723                         INVESTMENT INTERMEDIAR / 	99922	 	52099.00	26196909.36
31/03/2023	31/03/2023	   BY TRANSFER-CMP ORDNANCE FACTORY--	CMP00000000628411568          AOIL52638200003TRANSFER FROM 35840911723                         INVESTMENT INTERMEDIAR / 	99922	 	718967.00	26915876.36
31/03/2023	31/03/2023	   BY TRANSFER-CMP ORDINANCE FACTORY TIRUCHIRAPALLI--	CMP00000000628335847          AOIL50622000003TRANSFER FROM 35840911723                         INVESTMENT INTERMEDIAR / 	99922	 	129020.00	27044896.36
